@article{Smerlak_2011,
	doi = {10.1088/0143-0807/32/5/002},
  
	url = {https://doi.org/10.1088%2F0143-0807%2F32%2F5%2F002},
  
	year = 2011,
	month = {jun},
  
	publisher = {{IOP} Publishing},
  
	volume = {32},
  
	number = {5},
  
	pages = {1143--1153},
  
	author = {Matteo Smerlak},
  
	title = {A blackbody is not a blackbox},
  
	journal = {European Journal of Physics}
}